@Book{tao:cup2006,
  author =       "T. Tao and V. H. Vu",
  title =        "Additive {C}ombinatorics",
  publisher =    "Cambridge University Press",
  year =         "2006",
  annote =       "Additive Combinatorics",
}

@Book{tao:ams2012,
  author =       "T. Tao",
  title =        "Higher Fourier Analysis",
  publisher =    "American Mathematical Society",
  year =         "2012",
  series =       "Graduate Studies in Mathematics",
  volume =       "142",
}

@Unpublished{steinerberger:preprint,
  author =       "S. Steinerberger",
  title =        "A {H}idden {S}ignal in the {U}lam {S}equence",
  year =         "2016",
  note =         "preprint",
}

@Article{cassaigne:em1995,
  author =       "J. Cassaigne and S. Finch",
  title =        "A class of 1-additive sequences and quadratic recurrences",
  journal =      "Experimental Mathematics",
  year =         "1995",
  volume =       "4",
  pages =        "49--60",
}

@Article{finch:em1992,
  author =       "S. Finch",
  title =        "Patterns in 1-additive {S}equences",
  journal =      "Experimental Mathematics",
  year =         "1992",
  volume =       "1",
  number =       "1",
  pages =        "57--63",
}

@Article{finch:jct1992,
  author =       "S. Finch",
  title =        "On the regularity of certain 1-additive sequences",
  journal =      "J. Combin. Theory Ser. A",
  year =         "1992",
  volume =       "60",
  number =       "1",
  pages =        "123--130",
}

@Article{schmerl:jct1994,
  author =       "J. Schmerl and E. Spiegel",
  title =        "The {R}egularity of some 1-additive {S}equences",
  journal =      "J. Combin. Theory Ser. A",
  year =         "1994",
  volume =       "66",
  number =       "1",
  pages =        "57--63",
}

@Article{erdos:spm1965,
  author =       "P. Erd{\"o}s",
  title =        "Extremal problems in number theory",
  journal =      "Proc. Symp. Pure Math.",
  year =         "1965",
  volume =       "8",
  pages =        "181--189",
}

@Article{luczak:jct1995,
  author =       "T. Luczak",
  title =        "A note on the density of sum-free sets",
  journal =      "J. Combin. Theory Ser. A",
  year =         "1995",
  volume =       "70",
  pages =        "334--336",
}

@Unpublished{gibbs:preprint,
  author =       "P. Gibbs",
  title =        "A Conjecture for Ulam Sequences",
  url =          "http://vixra.org/abs/1508.0045",
  note =         "preprint",
}

@Article{calkin:int2005,
  author =       "N. Calkin, S. Finch, T. Flowers",
  title =        "Difference density and aperiodic sum-free sets",
  journal =      "Integers",
  year =         "2005",
  volume =       "5",
  number =       "2",
}

@Article{eberhard:ann2014,
  author =       "S. Eberhard, B. Green, F. Manners",
  title =        "Sets of integers with no large sum-free subset",
  journal =      "Ann. of Math Ser. 2",
  year =         "2014",
  volume =       "180",
  number =       "2",
}

@Article{eberhard:spm65,
  author =       "S. Eberhard, B. Green, F. Manners",
  title =        "Sets of integers with no large sum-free subset",
  journal =      "Ann. of Math Ser. 2",
  year =         "2014",
  volume =       "180",
  number =       "2",
}

@Unpublished{ellenberg:preprint,
  author =       "J. Ellenberg and D. Gijswijt",
  title =        "On large subsets of $\mathbb{F}_q^n$ with no three-term arithmetic progression",
  url =          "https://arxiv.org/abs/1605.09223",
  note =         "preprint",
}

@Unpublished{croot:preprint,
  author =       "E. Croot, V. Lev and P. Pach",
  title =        "Progression-free sets in $\mathbb{Z}_4^n$ are exponentially small",
  url =          "https://arxiv.org/abs/1605.01506",
  note =         "preprint",
}

@Techreport{knuth:note,
  author =       "D. Knuth",
  title =        "Algorithm for computing Ulam numbers",
  url =          "http://www-cs-faculty.stanford.edu/~knuth/programs/ulam-gibbs.ps",
  year =         "2016",
  institution =  "Stanford",
}

@Article{cameron:sc1987,
  author =       "P. Cameron",
  title =        "Portrait of a typical sum-free set",
  journal =      "Surveys in Combin.",
  year =         "1987",
  volume =       "123",
  pages =        "13--42",
}

@Article{roth:jlm1953,
  author =       "K. Roth",
  title =        "On certain sets of integers",
  journal =      "J. London Math. Soc.",
  year =         "1953",
  volume =       "28",
  pages =        "104--109",
}

@Techreport{ross:gh2016,
  author =       "D. Ross",
  title =        "Experiments on Ulam numbers",
  url =          "https://github.com/daniel373592559/wip-ulam",
  year =         "2016",
  institution =  "UW--Madison",
}
